@incollection{Sakoe:1990:DPA:108235.108244,
 author = {Sakoe, Hiroaki and Chiba, Seibi},
 chapter = {Dynamic Programming Algorithm Optimization for Spoken Word Recognition},
 title = {Readings in Speech Recognition},
 editor = {Waibel, Alex and Lee, Kai-Fu},
 year = {1990},
 isbn = {1-55860-124-4},
 pages = {159--165},
 numpages = {7},
 url = {http://dl.acm.org/citation.cfm?id=108235.108244},
 acmid = {108244},
 publisher = {Morgan Kaufmann Publishers Inc.},
 address = {San Francisco, CA, USA},
} 
@article{journals/bioinformatics/AachC01,
	added-at = {2011-06-29T00:00:00.000+0200},
	author = {Aach, John and Church, George M.},
	biburl = {https://www.bibsonomy.org/bibtex/231a6536e49b9580f10ba0f92f054e53c/dblp},
	ee = {http://dx.doi.org/10.1093/bioinformatics/17.6.495},
	interhash = {2762810f56de4b504ae2281eef181bf1},
	intrahash = {31a6536e49b9580f10ba0f92f054e53c},
	journal = {Bioinformatics},
	keywords = {dblp},
	number = 6,
	pages = {495-508},
	timestamp = {2011-06-30T11:32:54.000+0200},
	title = {Aligning gene expression time series with time warping algorithms.},
	url = {http://dblp.uni-trier.de/db/journals/bioinformatics/bioinformatics17.html#AachC01},
	volume = 17,
	year = 2001
}

@inproceedings{Zhu:2003:WIE:872757.872780,
	author = {Zhu, Yunyue and Shasha, Dennis},
	title = {Warping Indexes with Envelope Transforms for Query by Humming},
	booktitle = {Proceedings of the 2003 ACM SIGMOD International Conference on Management of Data},
	series = {SIGMOD '03},
	year = {2003},
	isbn = {1-58113-634-X},
	location = {San Diego, California},
	pages = {181--192},
	numpages = {12},
	url = {http://doi.acm.org/10.1145/872757.872780},
	doi = {10.1145/872757.872780},
	acmid = {872780},
	publisher = {ACM},
	address = {New York, NY, USA},
} 
@ARTICLE{Itakura, 
	author={F. Itakura}, 
	journal={IEEE Transactions on Acoustics, Speech, and Signal Processing}, 
	title={Minimum prediction residual principle applied to speech recognition}, 
	year={1975}, 
	volume={23}, 
	number={1}, 
	pages={67-72}, 
	keywords={Acoustic measurements;Acoustic testing;Autocorrelation;Dynamic programming;Heuristic algorithms;Linear predictive coding;Pattern recognition;Power system modeling;Speech recognition;Telephony}, 
	doi={10.1109/TASSP.1975.1162641}, 
	ISSN={0096-3518}, 
	month={Feb},}

@INPROCEEDINGS{medicine, 
	author={E. G. Caiani and A. Porta and G. Baselli and M. Turiel and S. Muzzupappa and F. Pieruzzi and C. Crema and A. Malliani and S. Cerutti}, 
	booktitle={Computers in Cardiology 1998. Vol. 25 (Cat. No.98CH36292)}, 
	title={Warped-average template technique to track on a cycle-by-cycle basis the cardiac filling phases on left ventricular volume}, 
	year={1998}, 
	pages={73-76}, 
	keywords={echocardiography;medical image processing;volume measurement;cardiac filling phases;cycle-by-cycle basis tracking;diastasis offset;diastasis onset;filling period;left ventricular volume;medical diagnostic imaging;nonlinear waveforms alignment;temporal axes enlarging;temporal axes shrinking;temporal sub-intervals;warped-average template technique;Data mining;Filling;Heart;Minimization methods;Phase detection;Phase modulation;Radio frequency;Radiofrequency identification;Signal processing;Volume measurement}, 
	doi={10.1109/CIC.1998.731723}, 
	ISSN={0276-6547}, 
	month={Sep},}

@INPROCEEDINGS{robtics,
	author = {Matthew D. Schmill and Tim Oates and Paul R. Cohen},
	title = {Learned Models for Continuous Planning},
	booktitle = {In Proceedings of Uncertainty 99: The Seventh International Workshop on Artificial Intelligence and Statistics},
	year = {1999},
	pages = {278--282},
	publisher = {Morgan Kaufmann Publishers, Inc}
}